<?xml version="1.0" encoding="UTF-8"?><collection xmlns="http://www.loc.gov/MARC21/slim"><record><leader>00548nam--2200193-i-4500</leader><controlfield tag="001">000001351</controlfield><controlfield tag="002">20161230</controlfield><controlfield tag="005">20161230201024</controlfield><controlfield tag="008">060222s1000------------r-----000-0-eng-d</controlfield><datafield ind1=" " ind2=" " tag="020"><subfield code="a">9971503093</subfield></datafield><datafield ind1=" " ind2=" " tag="040"><subfield code="a">IFIN-HH</subfield></datafield><datafield ind1=" " ind2=" " tag="080"><subfield code="a">524.8:539.12</subfield></datafield><datafield ind1="1" ind2=" " tag="100"><subfield code="a">Dominguez-tenreiro, Rosa</subfield></datafield><datafield ind1="1" ind2="0" tag="245"><subfield code="a">An introduction to cosmology particle physics</subfield><subfield code="c">Rosa dominguez-tenreiro, mariiano quiros</subfield></datafield><datafield ind1=" " ind2=" " tag="260"><subfield code="a">Singapore</subfield><subfield code="b">World Scientific</subfield><subfield code="c">1988</subfield></datafield><datafield ind1=" " ind2=" " tag="300"><subfield code="a">XI + 423 P</subfield></datafield><datafield ind1="1" ind2=" " tag="700"><subfield code="a">Quiros, Mariano</subfield></datafield><datafield ind1=" " ind2=" " tag="852"><subfield code="a">74814</subfield><subfield code="c">523</subfield></datafield><datafield ind1=" " ind2=" " tag="CAT"><subfield code="a">Sys</subfield><subfield code="c">20141208</subfield><subfield code="h">174323</subfield></datafield></record></collection>